
GOLANG PERFORMANCE------

// poner mayusculas en los titulos acronimos
// mirar estilo para que en la referencia salgan que salga: title
// claridad consistencia rigor
// despues del doi quitar todo
// journa no poner de donde es Suiza
// Blogs intentar poner sus referencias pero no lo pongas a el
@ARTICLE{Effendy20211955,
	author = {Effendy, Faried and Taufik and Adhilaksono, Bramantyo},
	title = {Performance comparison of web backend and database: A case study of node.js, Golang and mysql, mongo db},
	year = {2021},
	journal = {Recent Advances in Computer Science and Communications},
	doi = {10.2174/2666255813666191219104133},
}

@ARTICLE{Dymora20201,
	author = {Dymora, Paweł and Paszkiewicz, Andrzej},
	title = {Performance analysis of selected programming languages in the context of supporting decision-making processes for industry 4.0},
	year = {2020},
	journal = {Applied Sciences (Switzerland)},
	doi = {10.3390/app10238521},
}
--articulo sobre la rapidez de compilacion y concurrencia: este es importantes
@ARTICLE{Meyerson2014104+101,
	author = {Meyerson, Jeff},
	title = {The go programming language},
	year = {2014},
	journal = {IEEE Software},
	doi = {10.1109/MS.2014.127}
}

GOLANG PERFORMANCE------


GOLANG USES--------

@ARTICLE{Ray202110857,
	author = {Ray, Partha Pratim and Chowhan, Biky and Kumar, Neeraj and Almogren, Ahmad},
	title = {BIoTHR: Electronic Health Record Servicing Scheme in IoT-Blockchain Ecosystem},
	year = {2021},
	journal = {IEEE Internet of Things Journal},
	doi = {10.1109/JIOT.2021.3050703},
}
Alta concurrencia
@CONFERENCE{Jenkins201714,
	author = {Jenkins, Louis and Zhou, Tingzhe and Spear, Michael},
	title = {Redesigning Go's Built-In Map to Support Concurrent Operations},
	year = {2017},
	journal = {Parallel Architectures and Compilation Techniques - Conference Proceedings, PACT},
	doi = {10.1109/PACT.2017.45},
}
GOLANG USES--------

@CONFERENCE{NoAuthor2021179,
	author={Ainurrochman, I. I. Febriansyah and U. L. Yuhana},
	title={SER: Speech Emotion Recognition Application Based on Extreme Learning Machine},
	journal={13th International Conference on Information and Communication Technology and System},
	year={2021},
	doi={10.1109/ICTS52701.2021.9609016},
}

@CONFERENCE{Ding2021321,
	author={Ding, M. and Li, P. and Li, S. and Zhang, H.},
	title={HFContractFuzzer: Fuzzing hyperledger fabric smart contracts for vulnerability detection},
	journal={ACM International Conference Proceeding Series},
	year={2021},
	doi={10.1145/3463274.3463351},
}

@CONFERENCE{Taheri2021138,
	author={Taheri, S. and Gopalakrishnan, G.},
	title={GoAT: Automated Concurrency Analysis and Debugging Tool for Go},
	journal={Proceedings - 2021 IEEE International Symposium on Workload Characterization, IISWC 2021},
	year={2021},
	doi={10.1109/IISWC53511.2021.00023},
}


@CONFERENCE{Dilley2019377,
	author={Dilley, N. and Lange, J.},
	title={An Empirical Study of Messaging Passing Concurrency in Go Projects},
	journal={SANER 2019 - Proceedings of the 2019 IEEE 26th International Conference on Software Analysis, Evolution, and Reengineering},
	year={2019},
	doi={10.1109/SANER.2019.8668036},
}

@ARTICLE{Qiu2018,
	author={Qiu, J. and Sun, Y. and Wu, C. and Du, Z. and Wei, J.},
	title={NFD: Toward real-time mining of short-timescale gravitational microlensing events},
	journal={Publications of the Astronomical Society of the Pacific},
	year={2018},
	doi={10.1088/1538-3873/aada6f},
}

@CONFERENCE{Shoumik20181,
	author={Shoumik, F.S. and Talukder, M.I.M.M. and Jami, A.I. and Protik, N.W. and Hoque, M.M.},
	title={Scalable micro-service based approach to FHIR server with golang and No-SQL},
	journal={20th International Conference of Computer and Information Technology, ICCIT 2017},
	doi={10.1109/ICCITECHN.2017.8281846},
}

@CONFERENCE{Mladenovic2018,
	author={Mladenovic, D. and Knezevic, M. and Stefanovic, V. and Subotic, M.},
	title={Adding Support for the MIPS32 Architecture into the Go Language Compiler},
	journal={2018 26th Telecommunications Forum, TELFOR 2018 - Proceedings},
	year={2018},
	doi={10.1109/TELFOR.2018.8612023},
}

//Nombre del congreso o la revista. Dejar el year nada mas y no poner los meses. Consistencia en el formato de fechas. Volumen no poner. Acronimos del congreso no
 conference --> CAMBIAR POR ESTO
// En vez de journal booktitle, no poner los años en el titulo, ni los acronimos del nombre , esto no -->> ICACCI 2017
Todo esto fuera
note={cited By 9},
url={https://www.scopus.com/inward/record.uri?eid=2-s2.0-85042745399&doi=10.1109%2fICACCI.2017.8125879&partnerID=40&md5=1654b3f12df4245bd0a1b36f5e8da566},
document_type={Conference Paper},
source={Scopus},
%	pages={437-442},
@INPROCEEDINGS{Benedict2017437,
	author={Benedict, S.},
	title={Revenue oriented air quality prediction microservices for smart cities In International Conference on Advances in Computing, Communications and Informatics},
	year={2017},
	doi={10.1109/ICACCI.2017.8125879},
}

@CONFERENCE{Irawan2017,
	author={Irawan, E.W. and Hendradjaya, B. and Sunindyo, W.D.},
	title={Test case generation method for Go language},
	journal={Proceedings of 2016 International Conference on Data and Software Engineering, ICoDSE 2016},
	year={2017},
	doi={10.1109/ICODSE.2016.7936140}
}

@CONFERENCE{Samaniego2017116,
	author={Samaniego, M. and Deters, R.},
	title={Hosting virtual IoT resources on edge-hosts with blockchain},
	journal={Proceedings - 2016 16th IEEE International Conference on Computer and Information Technology, CIT 2016, 2016 6th International Symposium on Cloud and Service Computing, IEEE SC2 2016 and 2016 International Symposium on Security and Privacy in Social Networks and Big Data, SocialSec 2016},
	year={2017},
	doi={10.1109/CIT.2016.71}
}

@ARTICLE{Khaitan20152909,
	author={Khaitan, S.K. and McCalley, J.D.},
	title={PARAGON: An approach for parallelization of power system contingency analysis using Go programming language},
	journal={International Transactions on Electrical Energy Systems},
	year={2015},
	doi={10.1002/etep.1999},
}

@CONFERENCE{Leokhin2015656,
	author={Leokhin, Y.L. and Myagkov, A.S. and Panfilov, P.B.},
	title={Gomapreduce parallel computing model implementation on a cluster of plan9 virtual machines},
	journal={Annals of DAAAM and Proceedings of the International DAAAM Symposium},
	year={2015},
	volume={2015-January},
	doi={10.2507/26th.daaam.proceedings.089},
}

@ARTICLE{Komendantskaya2014121,
	author={Komendantskaya, E. and Schmidt, M. and Heras, J.},
	title={Exploiting parallelism in coalgebraic logic programming},
	journal={Electronic Notes in Theoretical Computer Science},
	year={2014},
	doi={10.1016/j.entcs.2014.02.007},
}

@ARTICLE{Mittal2014292,
	author={Mittal, S.},
	title={A study of successive over-relaxation method parallelisation over modern HPC languages},
	journal={International Journal of High Performance Computing and Networking},
	year={2014},
	doi={10.1504/IJHPCN.2014.062731},
}

@ARTICLE{WhiteheadII2011209,
	author={Whitehead II, J.},
	title={Serving web content with dynamic process networks in Go},
	journal={Concurrent Systems Engineering Series},
	year={2011},
	doi={10.3233/978-1-60750-774-1-209},
}

//----- RPC

@inproceedings{Silcock1995MessageP,
	title={Message Passing , Remote Procedure Calls and Distributed Shared Memory as Communication Paradigms for Distributed Systems},
	author={Jackie Silcock and Andrzej M. Goscinski},
	year={1995}
}


@CONFERENCE{Bittman2021192,
	author={Bittman, D. and Soulé, R. and Miller, E.L. and Shrivastav, V. and Mehra, P. and Boisvert, M. and Silberschatz, A. and Alvaro, P.},
	title={Don't Let RPCs Constrain Your API},
	journal={HotNets 2021 - Proceedings of the 20th ACM Workshop on Hot Topics in Networks},
	year={2021},
	doi={10.1145/3484266.3487389},
}

@CONFERENCE{Pourhabibi2021407,
	author={Pourhabibi, A. and Sutherland, M. and Daglis, A. and Falsafi, B.},
	title={Cerebros: Evading the RPC tax in datacenters},
	journal={Proceedings of the Annual International Symposium on Microarchitecture, MICRO},
	year={2021},
	doi={10.1145/3466752.3480055},
}

@ARTICLE{Birrell198439,
	author={Birrell, A.D. and Nelson, B.J.},
	title={Implementing Remote Procedure Calls},
	journal={ACM Transactions on Computer Systems (TOCS)},
	year={1984},
	doi={10.1145/2080.357392},
}

@misc{berga_santos_2023,
	title={GRPC vs rest: Comparing apis architectural styles},
	url={https://www.imaginarycloud.com/blog/grpc-vs-rest/},
	journal={Blog | Imaginary Cloud}, publisher={Blog | Imaginary Cloud},
	author={Berga, Mariana and Santos, André},
	year={2023},
	month={Feb}
}

@misc{grpc,
	title={grpc official page},
	url={https://grpc.io/about/},
	author={Grpc}, year={2023}, month={Feb},
	urldate = {2023-01-30},
}


@misc{FieldingRoyThomas2000Asat,
	author = {Fielding, Roy Thomas},
	copyright = {Database copyright ProQuest LLC; ProQuest does not claim copyright in the individual underlying works.},
	isbn = {9780599871182},
	keywords = {Computer science},
	language = {eng},
	publisher = {ProQuest Dissertations Publishing},
	title = {Architectural styles and the design of network -based software architectures},
	year = {2000},
	abstract = {The World Wide Web has succeeded in large part because its software architecture has been designed to meet the needs of an Internet-scale distributed hypermedia system. The Web has been iteratively developed over the past ten years through a series of modifications to the standards that define its architecture. In order to identify those aspects of the Web that needed improvement and avoid undesirable modifications, a model for the modern Web architecture was needed to guide its design, definition, and deployment. Software architecture research investigates methods for determining how best to partition a system, how components identify and communicate with each other, how information is communicated, how elements of a system can evolve independently, and how all of the above can be described using formal and informal notations. My work is motivated by the desire to understand and evaluate the architectural design of network-based application software through principled use of architectural constraints, thereby obtaining the functional, performance, and social properties desired of an architecture. An architectural style is a named, coordinated set of architectural constraints. This dissertation defines a framework for understanding software architecture via architectural styles and demonstrates how styles can be used to guide the architectural design of network-based application software. A survey of architectural styles for network-based applications is used to classify styles according to the architectural properties they induce on an architecture for distributed hypermedia. I then introduce the Representational State Transfer (REST) architectural style and describe how REST has been used to guide the design and development of the architecture for the modern Web. REST emphasizes scalability of component interactions, generality of interfaces, independent deployment of components, and intermediary components to reduce interaction latency, enforce security, and encapsulate legacy systems. I describe the software engineering principles guiding REST and the interaction constraints chosen to retain those principles, contrasting them to the constraints of other architectural styles. Finally, I describe the lessons learned from applying REST to the design of the Hypertext Transfer Protocol and Uniform Resource Identifier standards, and from their subsequent deployment in Web client and server software.},
}

// DOCKER -----

@misc{docker,
	title={docker official page},
	url={https://www.docker.com/resources/what-container/},
	author={Docker},
	urldate = {2023-01-30},
}
// HARDWARE -----

@misc{EMG30datasheet,
	title={EMG30 motor datasheet},
	url={https://www.robot-electronics.co.uk/htm/emg30.htm},
	author={robot-electronics.co},
	urldate = {2023-01-30},
}


// Hexagonal

@book{TomHombergs2019GYHD,
	author = {Tom Hombergs},
	isbn = {1839211962},
	language = {eng},
	publisher = {Packt Publishing},
	title = {Get Your Hands Dirty on Clean Architecture},
	year = {2019},
}

@book{EricEvans2003DDTC,
	author = {Eric Evans},
	isbn = {9780321125217},
	language = {eng},
	publisher = {Addison-Wesley Professional},
	title = {Domain-Driven Design: Tackling Complexity in the Heart of Software},
	year = {2003}
}

@book{VaughnVernon2013IDD,
	author = {Vaughn Vernon},
	isbn = {9780133039900},
	language = {eng},
	publisher = {Addison-Wesley Professional},
	title = {Implementing Domain-Driven Design},
	year = {2013}
}


// hasta que no tenga el estilo final no mirar porque el misc funciona diferente, pero tiene que salir en el documento:
// autor, url, consultado por ultima vez
@misc{devopediaDDD,
	title={https://devopedia.org/domain-driven-design (2023-01-30)},
	url={https://devopedia.org/domain-driven-design},
	author={Devopedia},
	urldate = {2023-01-30},
}

// testing

@inproceedings{37051,
	author = {David Kuhn and Raghu Kacker and Yu Lei},
	title = {Practical Combinatorial Testing},
	year = {2010},
	month = {2010-10-07},
	publisher = {Special Publication (NIST SP), National Institute of Standards and Technology, Gaithersburg, MD},
	doi = {https://doi.org/10.6028/NIST.SP.800-142},
	language = {en},
}

@inproceedings{Bach04pairwisetesting,
	abstract = {James Bach},
	added-at = {2017-09-25T09:40:43.000+0200},
	author = {Bach, James and Schroeder, Patrick J.},
	biburl = {https://www.bibsonomy.org/bibtex/28a31fec88df51fd4a57b5cb753f43930/schmidt2},
	booktitle = {22nd Annual Pacific Northwest Software Quality Conference},
	description = {Pairwise testing: A best practice that isn’t},
	interhash = {e0935bd290d5e179eec5f263385dde6c},
	intrahash = {8a31fec88df51fd4a57b5cb753f43930},
	keywords = {best_practices bus_to_alamo considered_harmful exploratory_testing pairwise_testing software_testing},
	pages = {180--196},
	timestamp = {2017-09-25T09:42:19.000+0200},
	title = {Pairwise testing: A best practice that isn’t},
	url = {http://citeseerx.ist.psu.edu/viewdoc/summary?doi=10.1.1.105.3811},
	year = 2004
}


